@article{Bojanowski_2017,
   title={Enriching Word Vectors with Subword Information},
   volume={5},
   ISSN={2307-387X},
   url={http://dx.doi.org/10.1162/tacl_a_00051},
   DOI={10.1162/tacl_a_00051},
   journal={Transactions of the Association for Computational Linguistics},
   publisher={MIT Press - Journals},
   author={Bojanowski, Piotr and Grave, Edouard and Joulin, Armand and Mikolov, Tomas},
   year={2017},
   month={Dec},
   pages={135â€“146}
}


@misc{word2vec,
  title = {Word2vec embeddings},
  howpublished = {\url{https://radimrehurek.com/gensim/models/word2vec.html}},
}

@misc{fnv-1a,
  title = {FNV-1a},
  howpublished = {\url{http://www.isthe.com/chongo/tech/comp/fnv}},
}


@misc{eurosense,
  title = {EuroSense dataset},
  howpublished = {\url{http://lcl.uniroma1.it/eurosense/}},
}

@misc{wordsimilarity,
  title = {The WordSimilarity-353 Test Collection},
  howpublished = {\url{http://www.cs.technion.ac.il/~gabr/resources/data/wordsim353/}},
}



